<?xml version="1.0" encoding="UTF-8"?><collection xmlns="http://www.loc.gov/MARC21/slim"><record><leader>00512nam--2200193-i-4500</leader><controlfield tag="001">000000966</controlfield><controlfield tag="002">20161230</controlfield><controlfield tag="005">20161230201024</controlfield><controlfield tag="008">060222s1000------------r-----000-0-eng-d</controlfield><datafield ind1=" " ind2=" " tag="020"><subfield code="a">0471015024</subfield></datafield><datafield ind1=" " ind2=" " tag="040"><subfield code="a">IFIN-HH</subfield></datafield><datafield ind1=" " ind2=" " tag="080"><subfield code="a">535</subfield></datafield><datafield ind1="1" ind2=" " tag="100"><subfield code="a">Goodman, Joseph. W</subfield></datafield><datafield ind1="1" ind2="0" tag="245"><subfield code="a">Statistical optics</subfield><subfield code="c">Joseph w. goodman</subfield></datafield><datafield ind1=" " ind2=" " tag="260"><subfield code="a">SINGAPORE</subfield><subfield code="b">John Wiley And Sons</subfield><subfield code="c">1985</subfield></datafield><datafield ind1=" " ind2=" " tag="300"><subfield code="a">XVII + 550 P</subfield></datafield><datafield ind1=" " ind2=" " tag="490"><subfield code="a">Wiley Series In Pure And Applied Optics</subfield></datafield><datafield ind1=" " ind2=" " tag="852"><subfield code="a">73893</subfield><subfield code="c">535</subfield></datafield><datafield ind1=" " ind2=" " tag="CAT"><subfield code="a">Sys</subfield><subfield code="c">20101125</subfield><subfield code="h">155519</subfield></datafield></record></collection>